<?xml version="1.0" encoding="UTF-8"?><record xmlns="http://www.loc.gov/MARC21/slim" xmlns:cinclude="http://apache.org/cocoon/include/1.0" xmlns:zs="http://www.loc.gov/zing/srw/">
  <leader>00463nz  a2200145n  4500</leader>
  <controlfield tag="001">no2009062558</controlfield>
  <controlfield tag="003">DLC</controlfield>
  <controlfield tag="005">20090424075529.0</controlfield>
  <controlfield tag="008">090422n| acannaabn          |a aaa     c</controlfield>
  <datafield tag="010" ind1=" " ind2=" ">
    <subfield code="a">no2009062558</subfield>
  </datafield>
  <datafield tag="035" ind1=" " ind2=" ">
    <subfield code="a">(OCoLC)oca08085418</subfield>
  </datafield>
  <datafield tag="040" ind1=" " ind2=" ">
    <subfield code="a">NJQ</subfield>
    <subfield code="b">eng</subfield>
    <subfield code="c">NJQ</subfield>
  </datafield>
  <datafield tag="100" ind1="1" ind2=" ">
    <subfield code="a">Peale, Norman Vincent,</subfield>
    <subfield code="d">1898-1993.</subfield>
    <subfield code="t">Stay alive all your life.</subfield>
    <subfield code="l">Serbian</subfield>
  </datafield>
  <datafield tag="400" ind1="1" ind2=" ">
    <subfield code="a">Peale, Norman Vincent,</subfield>
    <subfield code="d">1898-1993.</subfield>
    <subfield code="t">Moć kreativnog mišljenja</subfield>
  </datafield>
  <datafield tag="670" ind1=" " ind2=" ">
    <subfield code="a">Moć kreativnog mišljenja, 2005.</subfield>
  </datafield>
</record>